@inproceedings{eisner-2002-tnlp,
  author =      {Jason Eisner},
  title =       {An Interactive Spreadsheet for Teaching the
                 Forward-Backward Algorithm},
  booktitle =   {Proceedings of the ACL Workshop on Effective Tools and
                 Methodologies for Teaching NLP and CL},
  editor =      {Dragomir Radev and Chris Brew},
  pages =       {10--18},
  year =        {2002},
  month =       jul,
  address =     {Philadelphia},
  url =         {http://cs.jhu.edu/~jason/papers/#eisner-2002-tnlp}
}

@InProceedings{light-tnlp-2005,
  author    = {Light, Marc  and  Arens, Robert  and  Lu, Xin},
  title     = {Web-Based Interfaces for Natural Language Processing Tools},
  booktitle = {Proceedings of the Second ACL Workshop on Effective Tools and Methodologies for Teaching NLP and CL},
  month     = {June},
  year      = {2005},
  address   = {Ann Arbor, Michigan},
  publisher = {Association for Computational Linguistics},
  pages     = {28--31},
  url       = {http://www.aclweb.org/anthology/W/W05/W05-0105}
}

@InProceedings{halteren-tnlp-2002,
  author    = {Hans van Halteren},
  title     = {Teaching NLP/CL through Games: the Case of Parsing},
  booktitle = {Proceedings of the ACL-02 Workshop on Effective Tools and Methodologies for Teaching Natural Language Processing and Computational Linguistics},
  month     = {July},
  year      = {2002},
  address   = {Philadelphia, Pennsylvania, USA},
  publisher = {Association for Computational Linguistics},
  pages     = {1--9},
  url       = {http://www.aclweb.org/anthology/W02-0101},
  doi       = {10.3115/1118108.1118109}
}

@inproceedings{klein-tnlp-2005,
  title={A core-tools statistical NLP course},
  author={Klein, Dan},
  booktitle={Proceedings of the Second ACL Workshop on Effective Tools and Methodologies for Teaching Natural Language Processing and Computational Linguistics},
  pages={23--27},
  year={2005},
  organization={Association for Computational Linguistics}
}